% Encoding: UTF-8


@Misc{ unesco_troia,
	author       = "Permanent Delegation of Portugal to UNESCO",
	title        = "Roman Production Centre of Fish Salting and Conservation in Troia",
	text         = "C. Artho, K. Havelund, and A. Biere. High-Level Data Races. In VVEIS'03, The First International Workshop on Verification and Validation of Enterprise Information Systems, April 2003. Angers, France.",
	year         = "2017",
	url          = "https://whc.unesco.org/en/tentativelists/6223",
	category      = {Cultural},
 	region       = {Grândola, Setúbal},
	note 		 = {Accessed: 2024-10-12}
}

@book{linder2016digital,
  title={Digital Photogrammetry: A Practical Course (4th ed.)},
  author={Linder, W.},
  isbn={978-3-662-50463-5},
  year={2016},
  publisher={Springer},
}
  %if I cite specific chapters: doi = {10.1007/978-3-662-50463-5}


@book{linder2009digital,
  title={Digital photogrammetry},
  author={Linder, Wilfried},
  volume={1},
  year={2009},
  publisher={Springer}
}


@article{schenk2005introduction,
  title={Introduction to photogrammetry},
  author={Schenk, Toni},
  journal={The Ohio State University, Columbus},
  volume={106},
  number={1},
  pages={1},
  year={2005}
}


@misc{fxphd2019photogrammetry,
  title = {Photogrammetry with Metashape and Nuke},
  author = {Hugo Léveillé},
  year = {2019},
  url = {https://www.fxphd.com/fxblog/new-course-photogrammetry-with-metashape-and-nuke/},
  note = {Accessed: 2024-12-18}
}

@book{hale2014handbook,
  title={Handbook of virtual environments: Design, implementation, and applications},
  author={Hale, Kelly S and Stanney, Kay M},
  year={2014},
  publisher={CRC Press}
}

@inproceedings{doerr2007cidoc,
  title={The CIDOC conceptual reference model-A new standard for knowledge sharing ER2007 tutorial},
  author={Doerr, Martin and Ore, Christian-Emil and Stead, Stephen},
  booktitle={26th international conference on conceptual modeling (ER 2007)},
  year={2007}
}

@article{doerr2003cidoc,
  title={The CIDOC conceptual reference module: an ontological approach to semantic interoperability of metadata},
  author={Doerr, Martin},
  journal={AI magazine},
  volume={24},
  number={3},
  pages={75--75},
  year={2003}
}

@inproceedings{eide2008encoding,
  title={Encoding cultural heritage information for the semantic web. procedures for data integration through cidoc-crm mapping},
  author={Eide, Oyvind and Felicetti, Achille and Ore, Christian Emil and D’Andrea, Andrea and Holmen, Jon and others},
  booktitle={EPOCH Conference on Open Digital Cultural Heritage Systems},
  pages={1--7},
  year={2008}
}

@article{jouan2020digital,
  title={Digital twin: Research framework to support preventive conservation policies},
  author={Jouan, Pierre and Hallot, Pierre},
  journal={ISPRS International Journal of Geo-Information},
  volume={9},
  number={4},
  pages={228},
  year={2020},
  publisher={MDPI}
}

@inproceedings{dezen2020towards,
  title={Towards a digital twin for heritage interpretation},
  author={Dezen-Kempter, ELOISA and Mezencio, DAVI LOPES and Miranda, E De Matos and De S{\~a}i, D Pico and Dias, ULISSES},
  booktitle={RE Anthr. Des. Age Humans: Proc. 25th Int. Conf. Comput. Archit. Des. Res. Asia, CAADRIA 2020},
  volume={2},
  pages={183--191},
  year={2020}
}

@article{Windhager2019Visualization,
	title={Visualization of Cultural Heritage Collection Data: State of the Art and Future Challenges},
	author={F. Windhager and P. Federico and Günther Schreder and Katrin Glinka and M. Dörk and S. Miksch and E. Mayr},
	journal={IEEE Transactions on Visualization and Computer Graphics},
	year={2019},
	volume={25},
	pages={2311-2330},
	doi={10.1109/TVCG.2018.2830759}
}

@ARTICLE{848434,
  author={Stone, R. and Ojika, T.},
  journal={IEEE MultiMedia}, 
  title={Virtual heritage: what next?}, 
  year={2000},
  volume={7},
  number={2},
  pages={73-74},
  keywords={Virtual reality;Underwater vehicles;Availability;Runtime;Cultural differences;CD-ROMs;Educational institutions;Psychology;Ergonomics},
  doi={10.1109/93.848434}
}


@article{gonizzi20153d,
  title={3D visualization of cultural heritage artefacts with virtual reality devices},
  author={Gonizzi Barsanti, Sara and Caruso, Giandomenico and Micoli, Laura Lorendana and Covarrubias Rodriguez, M and Guidi, Gabriele},
  journal={The International Archives of the Photogrammetry, Remote Sensing and Spatial Information Sciences},
  volume={40},
  pages={165--172},
  year={2015},
  publisher={Copernicus GmbH}
}

@article{arca2018development,
  title={Development of web-based GIS for the cultural heritage of safranbolu, Turkey},
  author={Arca, Deniz and Seker, Dursun Zafer and Alkan, Mehmet and Karak{\i}s, Serkan and Bay{\i}k, Caglar and Acar, Hayrettin},
  journal={International Journal of Environment and Geoinformatics},
  volume={5},
  number={3},
  pages={368--377},
  year={2018},
  publisher={Cem GAZ{\.I}O{\u{G}}LU}
}

@article{spreafico20233d,
  title={3D WebGIS Applications for Digital Humanities Studies: The Turin 1911 Project},
  author={Spreafico, Alessandra and Chiabrando, Filiberto and Della Coletta, Cristina},
  journal={The International Archives of the Photogrammetry, Remote Sensing and Spatial Information Sciences},
  volume={48},
  pages={1501--1508},
  year={2023},
  publisher={Copernicus Publications G{\"o}ttingen, Germany}
}

@misc{ecchoes,
  title = {Ecchoes - Discover what we aim for},
  howpublished = {\url{https://www.echoes-eccch.eu}},
  note = {Accessed: 2025-01-16}
}


@article{rodrigues2021using,
  title={Using technology in digital humanities for learning and knowledge dissemination},
  author={Rodrigues, Armanda and Correia, Nuno},
  journal={Revista EducaOnline},
  volume={15},
  number={2},
  pages={27--44},
  year={2021}
}

@mastersthesis{tese_jogosVilar2022,
  author       = {João Vilar},
  title        = {Sistema para Criação e Exploração de Narrativas Interativas e Jogos},
  school       = {Universidade NOVA de Lisboa},
  year         = {2022},
  type         = {MSc Dissertation in Computer Science}
}

@mastersthesis{tese_tourCoimbra2024,
  author       = {José Coimbra},
  title        = {Designing and implementing a museum Virtual Tour},
  school       = {Universidade NOVA de Lisboa},
  year         = {2024},
  type         = {MSc Dissertation in Computer Science}
}


@mastersthesis{tese_tourFaria2024,
  author       = {Nelson Faria},
  title        = {Web Integration of Virtual Museum Tours and 3D Media Visualization},
  school       = {Universidade NOVA de Lisboa},
  year         = {2024},
  type         = {MSc Dissertation in Computer Science}
}

@article{vilar2024extended,
  title={An Extended Reality Platform for Cultural Gaming: Enabling Interactive Narratives in Spatial Contexts},
  author={Vilar, Jo{\~a}o and Rodrigues, Armanda and Correia, Nuno},
  journal={ACM Journal on Computing and Cultural Heritage},
  volume={17},
  number={4},
  pages={1--18},
  year={2024},
  publisher={ACM New York, NY}
}

@misc{tecnicoAcademia,
  author       = {{Instituto Superior Técnico}},
  title        = {Academia de Ciências - Introdução},
  year         = {2016},
  howpublished = {\url{https://acad-ciencias.tecnico.ulisboa.pt/academia/introducao}},
  note         = {Accessed: 2025-01-20}
}

@misc{academiaCiencias2024,
  author       = {{Academia das Ciências de Lisboa}},
  title        = {Academia das Ciências de Lisboa inaugura visita virtual interativa},
  year         = {2024},
  howpublished = {\url{https://www.acad-ciencias.pt/2024/09/04/academia-das-ciencias-de-lisboa-inaugura-visita-virtual-interativa/}},
  note         = {Accessed: 2025-01-20}
}

@article{Baqersad2017Photogrammetry,
title          = {Photogrammetry and optical methods in structural dynamics – A review},
author         = {J. Baqersad and P. Poozesh and C. Niezrecki and P. Avitabile},
journal        = {Mechanical Systems and Signal Processing},
year           = {2017},
volume         = {86},
pages          = {17-34},
doi            = {10.1016/J.YMSSP.2016.02.011}
}


@article{willis2008computational,
  title={Computational reconstruction of ancient artifacts},
  author={Willis, Andrew R and Cooper, David B},
  journal={IEEE Signal processing magazine},
  volume={25},
  number={4},
  pages={65--83},
  year={2008},
  publisher={IEEE}
}

@INPROCEEDINGS{7801178,
  author={Haindl, Michal and Sedláček, Matěj},
  booktitle={2016 International Workshop on Computational Intelligence for Multimedia Understanding (IWCIM)}, 
  title={Virtual reconstruction of cultural heritage artifacts}, 
  year={2016},
  pages={1-5},
  keywords={Shape;Solid modeling;Image reconstruction;Head;Cultural differences;Visualization;Lighting;Shape reconstruction;surface modeling;bidirectional texture function;virtual reality},
  doi={10.1109/IWCIM.2016.7801178}}

@article{aicardi2018recent,
  title={Recent trends in cultural heritage 3D survey: The photogrammetric computer vision approach},
  author={Aicardi, Irene and Chiabrando, Filiberto and Lingua, Andrea Maria and Noardo, Francesca},
  journal={Journal of Cultural Heritage},
  volume={32},
  pages={257--266},
  year={2018},
  publisher={Elsevier}
}

@article{mccarthy2014multi,
  title={Multi-image photogrammetry as a practical tool for cultural heritage survey and community engagement},
  author={McCarthy, John},
  journal={Journal of Archaeological Science},
  volume={43},
  pages={175--185},
  year={2014},
  publisher={Elsevier}
}

@article{luhmann2016sensor,
  title={Sensor modelling and camera calibration for close-range photogrammetry},
  author={Luhmann, Thomas and Fraser, Clive and Maas, Hans-Gerd},
  journal={ISPRS Journal of Photogrammetry and Remote Sensing},
  volume={115},
  pages={37--46},
  year={2016},
  publisher={Elsevier}
}


@book{singleton2024,
  author={de Smith, Michael J and Goodchild, Michael F},
  title     = {Geospatial Analysis: A Comprehensive Guide to Principles Techniques and Software Tools (7th ed.)},
  year      = {2024},
  isbn      = {978-1-912556-08-3},
  url       = {http://www.spatialanalysisonline.com},
}


@misc{natgeo_2024,
  author       = {National Geographic Society},
  title        = {GIS (Geographic Information System)},
  editor       = {Jeannie Evers, Emdash Editing},
  publisher    = {National Geographic Society},
  year         = {2024},
  url          = {https://education.nationalgeographic.org/resource/geographic-information-system-gis/},
}


@article{yao2023overview,
  title={An overview of GIS-RS applications for archaeological and cultural heritage under the DBAR-heritage mission},
  author={Yao, Ya and Wang, Xinyuan and Luo, Lei and Wan, Hong and Ren, Hongge},
  journal={Remote Sensing},
  volume={15},
  number={24},
  pages={5766},
  year={2023},
  publisher={MDPI}
}

@misc{gao_data_layers,
  author       = {GAO},
  year         = {2012}
}

@misc{ogcapi,
  author       = {Open Geospatial Consortium (OGC)},
  title        = {OGC API Standards},
  howpublished = {\url{https://ogcapi.ogc.org/}},
  note         = {Accessed: 2025-01-24}
}

@misc{ogc_who_we_are,
  author       = {Open Geospatial Consortium (OGC)},
  title        = {Who We Are},
  howpublished = {\url{https://www.ogc.org/pt/who-we-are/}},
  note         = {Accessed: 2025-01-24}
}


@misc{osgeo_about,
  author       = {Open Source Geospatial Foundation (OSGeo)},
  title        = {About OSGeo},
  howpublished = {\url{https://www.osgeo.org/about/}},
  note         = {Accessed: 2025-01-24}
}

@article{pinto2014ruinas,
  title={Ru{\'\i}nas Romanas de Tr{\'o}ia: A valoriza{\c{c}}{\~a}o de um patrim{\'o}nio singular},
  author={Pinto, In{\^e}s Vaz and Magalh{\~a}es, Ana Patr{\'\i}cia and Brum, Patr{\'\i}cia},
  journal={Musa Mus. Arqueol. E Outros Patrim{\'o}nios},
  volume={4},
  pages={29--40},
  year={2014}
}

@article{pinto2018reassessment,
  title={A reassessment of the fish-salting workshops 1 and 2 of Tr{\'o}ia (Portugal): the ceramic contexts},
  author={Pinto, In{\^e}s Vaz and Magalh{\~a}es, Ana Patr{\'\i}cia and Brum, Patr{\'\i}cia},
  journal={Rei Cretariae Romanae Fautorum Acta},
  volume={45},
  pages={153--162},
  year={2018}
}

@misc{hocquet2015fish,
  title={Fish and Ships. Production et commerce des" Salsamenta" durant l'Antiquit{\'e}, Actes de l'atelier doctoral, coll.{\guillemotleft}Biblioth{\`e}que d'arch{\'e}ologie m{\'e}diterran{\'e}enne et africaine{\guillemotright}},
  author={Hocquet, Jean-Claude},
  year={2015},
  publisher={JSTOR}
}

@misc{oxfordarchaeology2025,
  author       = {Oxford University Department of Archaeology},
  title        = {Why Archaeology Matters},
  url          = {https://www.arch.ox.ac.uk/why-archaeology-matters},
  note         = {Accessed: 2025-01-30}
}

@misc{eu_cultural_heritage,
  author = {{European Commission}},
  title = {EU Policy for Cultural Heritage},
  url = {https://culture.ec.europa.eu/cultural-heritage/eu-policy-for-cultural-heritage},
  note = {Accessed: 2025-01-30}
}

@misc{eu_digital_heritage,
  author = {{European Commission}},
  title = {European Digital Heritage},
  url = {https://culture.ec.europa.eu/cultural-heritage/cultural-heritage-in-eu-policies/european-digital-heritage},
  note = {Accessed: 2025-01-30}
}


@article{carmigniani2011augmented,
  title={Augmented reality technologies, systems and applications},
  author={Carmigniani, Julie and Furht, Borko and Anisetti, Marco and Ceravolo, Paolo and Damiani, Ernesto and Ivkovic, Misa},
  journal={Multimedia tools and applications},
  volume={51},
  pages={341--377},
  year={2011},
  publisher={Springer}
}

@article{milgram1994taxonomy,
  title={A taxonomy of mixed reality visual displays},
  author={Milgram, Paul and Kishino, Fumio},
  journal={IEICE TRANSACTIONS on Information and Systems},
  volume={77},
  number={12},
  pages={1321--1329},
  year={1994},
  publisher={The Institute of Electronics, Information and Communication Engineers}
}

@article{ajayi2024utilizing,
  title={Utilizing MapBox API, Java, and ICT in the creation of agricultural interactive maps for improved farm management and decision-making},
  author={Ajayi, Ayomikun D and Boiarskii, Boris and Aoyagi, Kouya and Hasegawa, Hideo},
  journal={AIMS Agriculture and Food},
  volume={9},
  number={2},
  pages={393--410},
  year={2024}
}

@article{hidayatulloh2022integration,
  title={Integration of Mapbox and Google Maps to Support Additional Features in Geographic Information Systems},
  author={Hidayatulloh, Rahmad and Airlangga, Primaadi},
  journal={SAINTEKBU},
  volume={14},
  number={02},
  pages={16--22},
  year={2022}
}
@article{li2022progress,
  title={A progress review on solid-state LiDAR and nanophotonics-based LiDAR sensors},
  author={Li, Nanxi and Ho, Chong Pei and Xue, Jin and Lim, Leh Woon and Chen, Guanyu and Fu, Yuan Hsing and Lee, Lennon Yao Ting},
  journal={Laser \& Photonics Reviews},
  volume={16},
  number={11},
  pages={2100511},
  year={2022},
  publisher={Wiley Online Library}
}

@inbook{inbook,
author = {Islam, Saiful and Tanvir, Md Shahnewaz and Habib, Md and Tashrif, Tahsina and Ahmed, Md Apu and Ferdous, Tafannum and Arefin, Md and Alam, Sanim},
year = {2022},
month = {02},
pages = {345-358},
title = {Autonomous Driving Vehicle System Using LiDAR Sensor},
isbn = {978-981-16-7609-3},
doi = {10.1007/978-981-16-7610-9_25}
}